@phdthesis{RN31,
   author = {Begum, Salma},
   title = {MEGA65 Disk Management Utility },
   university = {Flinders University},
   year = {2017},
   type = {Thesis},
   addendum = {accessed: 08/06/18}
}

@misc{RN20,
   author = {Bla1ze},
   title = {BlackBerry issues security notice to notify customers of BlueBorne impact on BlackBerry products},
   addendum = {accessed: 29/05/18},
   url = {https://crackberry.com/blackberry-issues-security-notice-notify-customers-blueborne-impact-blackberry-products#ze8qW5sRJO5oK8OM.97},
   year = {2017},
   publisher = {CrackBerry},
   type = {Electronic Article}
}

@misc{RN21,
   author = {Boone, J.V and Peterson, R.R},
   title = {Sigsaly - That Start of the Digital Revolution},
   addendum = {accessed: 29/05/18},
   url = {https://www.nsa.gov/about/cryptologic-heritage/historical-figures-publications/publications/wwii/sigsaly-start-digital.shtml},
   year = {2016},
   type = {Electronic Article}
}

@misc{RN4,
   author = {BY-SA},
   title = {A Commodore 65 prototype},
   url = {https://en.wikipedia.org/wiki/Commodore_65#/media/File:C65alleine_(no_bg)_(balance).jpg},
   year = {2006},
   type = {Figure},
   addendum = {accessed: 08/06/18}
}

@article{RN7,
   author = {Case, Brian},
   title = {Intel Reveals Pentium Implementation Details: Architectural Enhancements Remain Shrouded by NDA},
   journal = {Microprocessor Report},
   volume = {7},
   number = {4},
   url = {http://datasheets.chipdb.org/Intel/x86/Pentium/070402.PDF},
   month = {3},
   year = {1993},
   type = {Journal Article},
   addendum = {accessed: 20/05/18}
}

@techreport{RN27,
   author = {Dagon, David and Martin, Tom and Starner, Thad},
   title = {Mobile Phones as Computing Devices: The Viruses are Coming!},
   url = {https://ieeexplore.ieee.org/stamp/stamp.jsp?tp=\&arnumber=1369156},
   volume = {3},
   pages = {11-15},
   year = {2004},
   type = {Report},
   addendum = {accessed: 20/05/18}
}

@misc{RN9,
   author = {Dufresne, Steven},
   title = {4004 Microprocessor},
   url = {https://hackaday.com/2018/01/29/inventing-the-microprocessor-the-intel-4004/},
   year = {N/A},
   type = {Figure},
   addendum = {accessed: 20/05/18}
}

@misc{RN11,
   author = {Edwards, Benj},
   title = {Birth of a Standard: The Intel 8086 Microprocessor},
   url = {https://www.pcworld.com/article/146957/components/article.html},
   year = {2008},
   publisher = {PCWorld},
   type = {Electronic Article},
   addendum = {accessed: 10/05/18}
}

@misc{RN18,
   author = {Edwards, Benj},
   title = {The 11 most influential microprocessors of all time},
   url = {https://www.computerworld.com/article/2527929/computer-hardware/the-11-most-influential-microprocessors-of-all-time.html},
   year = {2009},
   type = {Electronic Article},
   addendum = {accessed: 20/05/18}
}

@misc{RN15,
   author = {Fruhlinger, Josh},
   title = {Spectre and Meltdown explained: What they are, how they work, what's at risk},
   publisher = {CSO},
   url = {https://www.csoonline.com/article/3247868/vulnerabilities/spectre-and-meltdown-explained-what-they-are-how-they-work-whats-at-risk.html},
   year = {2018},
   type = {Electronic Article},
   addendum = {accessed: 20/05/18}
}

@techreport{RN22,
   author = {Intel},
   title = {Intel Annual Report 1972},
   url = {https://www.intel.me/content/dam/doc/report/history-1972-annual-report.pdf},
   year = {1972},
   type = {Report},
   addendum = {accessed: 10/05/18}
}

@techreport{RN23,
   author = {Intel},
   title = {Intel Corporation Annual Report 1975},
   url = {https://www.intel.com/content/dam/doc/report/history-1975-annual-report.pdf},
   year = {1975},
   type = {Report},
   addendum = {accessed: 10/05/18}
}

@misc{RN10,
   author = {Intel},
   title = {8080A/8080A-1/8080A-2 8-bit N-Channel Microprocessor},
   url = {http://www.fecegypt.com/uploads/dataSheet/1481553007_8080.pdf},
   year = {1977},
   type = {Electronic Article},
   addendum = {accessed: 10/05/18}
}

@techreport{RN24,
   author = {Intel},
   title = {Intel Corporation Annual Report 1982},
   url = {https://www.intel.com/content/dam/doc/report/history-1982-annual-report.pdf},
   year = {1982},
   type = {Report},
   addendum = {accessed: 10/05/18}
}

@techreport{RN25,
   author = {Intel},
   title = {Intel Corporation Annual Report 1991},
   url = {https://www.intel.fr/content/dam/doc/report/history-1991-annual-report.pdf},
   year = {1991},
   type = {Report},
   addendum = {accessed: 10/05/18}
}

@techreport{RN26,
   author = {Intel},
   title = {Intel Corporation Annual Report 2000},
   url = {https://www.intel.fr/content/dam/doc/report/history-2000-annual-report.pdf},
   year = {2000},
   type = {Report},
   addendum = {accessed: 10/05/18}
}

@misc{RN5,
   author = {Intel},
   title = {Intel's First Microprocessor},
   url = {https://www.intel.com/content/www/us/en/history/museum-story-of-intel-4004.html},
   year = {N/A},
   type = {Web Page},
   addendum = {accessed: 28/04/18}
}

@techreport{RN3,
   author = {Lipp, M and Schwarz, M and Gruss, D and Prescher, T and Hass, W and Mangard, S and Kocher, P and Genkin, D and Yarom, Y and Hamburg, M},
   title = {Meltdown},
   institution = {Graz University of Technology, Cyberus Technology GmbH, University of Pennsylvania, Univeristy of Maryland, University of Adelaide, Data61 and   Rambus, Cryptography Research Division},
   url = {https://meltdownattack.com/meltdown.pdf},
   year = {2017},
   type = {Report},
   addendum = {accessed: 09/04/18}
}

@techreport{RN16,
   author = {Lipp, M and Schwarz, M and Gruss, D and Prescher, T and Hass, W and Mangard, S and Kocher, P and Genkin, D and Yarom, Y and Hamburg, M},
   title = {Spectre Attacks: Exploiting Speculative Execution},
   institution = {Graz University of Technology, Cyberus Technology GmbH, University of Pennsylvania, Univeristy of Maryland, University of Adelaide, Data61 and Rambus, Cryptography Research Division},
   url = {https://spectreattack.com/spectre.pdf},
   year = {2017},
   type = {Report},
   addendum = {accessed: 15/04/18}
}

@misc{RN29,
   author = {N/A},
   title = {The MOS 6502 Processor},
   url = {http://www.cpu-collection.de/?l0=co&l1=MOS&l2=6502},
   year = {2003},
   type = {Electronic Article},
   addendum = {accessed: 08/06/18}
}

@misc{RN2,
   author = {N/A},
   title = {Computer processor history},
   publisher = {Computer Hope},
   url = {https://www.computerhope.com/history/processor.htm},
   year = {2017},
   type = {Web Page},
   addendum = {accessed: 04/04/18}
}

@misc{RN17,
   author = {N/A},
   title = {Browse Vulnerabilities by Date},
   publisher = {CVE Details},
   url = {https://www.cvedetails.com/browse-by-date.php},
   year = {2018},
   type = {Web Page},
   addendum = {accessed: 28/05/18}
}

@misc{RN12,
   author = {Pabst, Thomas},
   title = {Intel's Pentium II Xeon Processor},
   publisher = {tom's HARDWARE},
   url = {https://www.tomshardware.com/reviews/intel,69-2.html},
   year = {1998},
   type = {Electronic Article},
   addendum = {accessed: 25/05/18}
}

@article{RN1,
   author = {Seo, Seung-Hyun and Gupta, Aditi and Sallam, Asmaa Mohamed and Bertino, Elisa and Yim, Kangbin},
   title = {Detecting mobile malware threats to homeland security through static analysis},
   journal = {Journal of Network and Computer Applications},
   volume = {38},
   pages = {43-53},
   ISSN = {1084-8045},
   year = {2014},
   type = {Journal Article}, 
   addendum = {accessed: 23/03/18}
}

@article{RN6,
   author = {Sharma, Niten and Dickman, Bryan},
   title = {Verifying an ARM Core},
   url = {https://www.eetimes.com/document.asp?doc_id=1277271},
   month = {2},
   year = {2001},
   type = {Journal Article},
   addendum = {accessed: 07/05/18}
}

@misc{RN13,
   author = {Stokes, Jon},
   title = {The Pentium: An Architectural History of the World's Most Famous Desktop Processor (Part I)},
   publisher = {arsTECHNICA},
   url = {https://arstechnica.com/features/2004/07/pentium-1/},
   year = {2004},
   type = {Electronic Article},
   addendum = {accessed: 26/05/18}
}

@misc{RN19,
   author = {Torres, Gabriel},
   title = {All Xeon Models},
   publisher = {Hardware Secrets},
   url = {https://www.hardwaresecrets.com/all-xeon-models/2/},
   year = {2008},
   type = {Electronic Article},
   addendum = {accessed: 29/05/18}
}

@misc{RN14,
   author = {Walsh, M and Mo, X},
   title = {Security alarm sounded over Chinese company Huawei's possible involvement in Australia's 5G network},
   publisher = {ABC News},
   url = {http://www.abc.net.au/news/2018-03-11/security-concerns-over-chinese-firm-huawei-5g-technology/9522894},
   year = {2018},
   type = {Electronic Article}, 
   addendum = {accessed: 20/03/18}
}

@misc{RN30,
   author = {Wisman, Derk},
   title = {The History of Secure Phones},
   publisher = {MSS DEFENCE},
   url = {https://www.linkedin.com/pulse/history-secure-phones-derk-wisman},
   year = {2017},
   type = {Electronic Article}, 
   addendum = {accessed: 08/06/18}
}

@misc{RN8,
   author = {Wood, Lamont},
   title = {The 8080 chip at 40: What's next for the mighty microprocessor?},
   publisher = {Computerworld},
   url = {https://www.computerworld.com/article/2865938/the-8080-chip-at-40-whats-next-for-the-mighty-microprocessor.html},
   year = {2015},
   type = {Electronic Article}, 
   addendum = {accessed: 10/05/18}
}

@misc{RN28,
   author = {Zafar, Ramish},
   title = {Apple A11 Bionic Chip has 6 cores, 4 Billion Transistors and 70\% Faster Multi-Thread Workloads},
   publisher = {WCCFTECH},
   url = {https://wccftech.com/apple-a11-chip-cores-10nm-everything-is-here/},
   year = {2017},
   type = {Electronic Article},
   addendum = {accessed: 31/05/18}
}

@misc{ViaC3x865:online,
author = {Graeme Burton},
title = {Via C3 x86 CPUs contain hidden 'God mode' for backdoor access},
howpublished = {\url{https://www.theinquirer.net/inquirer/news/3061000/via-c3-x86-cpus-contain-hidden-god-mode-for-backdoor-access}},
month = {8},
year = {2018},
note = {(Accessed on 10/10/2018)}
}
